<record><leader>00000cas a22000007a 4500</leader><controlfield tag="001">10718558</controlfield><controlfield tag="008">840511d18701883deuwr ne      0    0eng d</controlfield><datafield ind1=" " ind2=" " tag="010"><subfield code="a">sn 84026836 </subfield></datafield><datafield ind1=" " ind2=" " tag="040"><subfield code="a">NPU</subfield><subfield code="b">eng</subfield><subfield code="c">NPU</subfield><subfield code="d">NPX</subfield><subfield code="d">DEX</subfield><subfield code="d">OCLCQ</subfield></datafield><datafield ind1=" " ind2=" " tag="042"><subfield code="a">msc</subfield></datafield><datafield ind1="0" ind2=" " tag="130"><subfield code="a">Delaware state journal (Wilmington, Del. : 1870)</subfield></datafield><datafield ind1="1" ind2="0" tag="245"><subfield code="a">Delaware state journal.</subfield></datafield><datafield ind1=" " ind2=" " tag="260"><subfield code="a">Wilmington, Del. :</subfield><subfield code="b">Henry Eckel</subfield></datafield><datafield ind1=" " ind2=" " tag="300"><subfield code="a">v. ;</subfield><subfield code="c">69 cm.</subfield></datafield><datafield ind1=" " ind2=" " tag="310"><subfield code="a">Weekly</subfield></datafield><datafield ind1="1" ind2=" " tag="362"><subfield code="a">Began in 1870.</subfield></datafield><datafield ind1="0" ind2=" " tag="362"><subfield code="a">-n.s., v. 4, no. 23 (Dec. 6, 1883).</subfield></datafield><datafield ind1=" " ind2=" " tag="588"><subfield code="a">Description based on: Vol. 38, no. 83 (Oct. 18, 1870).</subfield></datafield><datafield ind1=" " ind2=" " tag="752"><subfield code="a">United States</subfield><subfield code="b">Delaware</subfield><subfield code="c">New Castle</subfield><subfield code="d">Wilmington.</subfield></datafield><datafield ind1="0" ind2="0" tag="780"><subfield code="t">Delaware State journal and statesman</subfield><subfield code="w">(DLC)sn 84038112</subfield></datafield><datafield ind1="0" ind2="5" tag="780"><subfield code="t">Delaware tribune, and the Delaware state journal</subfield><subfield code="w">(DLC)sn 88053082</subfield></datafield><datafield ind1="0" ind2="7" tag="785"><subfield code="t">Delaware gazette (Wilmington, Del. : 1837)</subfield><subfield code="w">(DLC)sn 82014937</subfield></datafield><datafield ind1="0" ind2="7" tag="785"><subfield code="t">Delaware gazette and state journal</subfield><subfield code="w">(DLC)sn 88053046</subfield></datafield><datafield ind1="1" ind2=" " tag="029"><subfield code="a">AU@</subfield><subfield code="b">000025786506</subfield></datafield></record>